% This file was created with JabRef 2.7b.
% Encoding: UTF-8

@BOOK{Goossens1993,
  title = {The Latex Companion},
  publisher = {Addison-Wesley},
  year = {1993},
  author = {Goossens, Michel and Mittlebach, Frank and Samarin, Alexander},
  address = {Reading, Massachusetts}
}

@ARTICLE{Greenwade1993,
  author = {Greenwade, George D.},
  title = {The {C}omprehensive {T}ex {A}rchive {N}etwork ({CTAN})},
  journal = {TUGBoat},
  year = {1993},
  volume = {14},
  pages = {342--351},
  number = {3}
}

@ARTICLE{Merchet2007,
  author = {Merchet, Jean-Dominique and Quinot, Paul},
  title = {L'{\'e}lection dans le miroir des sondages},
  journal = {Lib{\'e}ration},
  year = {2007},
  number = {21 f{\'e}vrier}
}

@BOOK{Verne1875,
  title = {Michel {Strogoff}},
  publisher = {Le livre de poche},
  year = {1875},
  author = {Verne, Jules}
}

